@misc{batista2018,
  title = {Annual number of data breaches and exposed records in the United States from 2005 to 2018 (in millions)},
  howpublished = {\url{https://www.statista.com/statistics/273550/data-breaches-recorded-in-the-united-states-by-number-of-breaches-and-records-exposed/}},
  year = {2018}
}

@article{lewis2018economic,
  title={Economic Impact of Cybercrime-No Slowing Down},
  author={Lewis, James},
  journal={Santa Clara: McAfee \& CSI (Center for Strategic and International Studies)},
  year={2018}
}

@inproceedings{tosh2015game,
  title={Game theoretic modeling to enforce security information sharing among firms},
  author={Tosh, Deepak K and Sengupta, Shamik and Mukhopadhyay, Sankar and Kamhoua, Charles A and Kwiat, Kevin A},
  booktitle={Cyber Security and Cloud Computing (CSCloud), 2015 IEEE 2nd International Conference on},
  pages={7--12},
  year={2015},
  organization={IEEE}
}

@article{goodwin2015framework,
  title={A framework for cybersecurity information sharing and risk reduction},
  author={Goodwin, Cristin and Nicholas, J Paul and Bryant, J and Ciglic, K and Kleiner, A and Kutterer, C and Massagli, A and Mckay, A and Mckitrick, P and Neutze, J and others},
  journal={Microsoft},
  year={2015}
}

@inproceedings{webster2016skald,
  title={SKALD: a scalable architecture for feature extraction, multi-user analysis, and real-time information sharing},
  author={Webster, George D and Hanif, Zachary D and Ludwig, Andre LP and Lengyel, Tamas K and Zarras, Apostolis and Eckert, Claudia},
  booktitle={International Conference on Information Security},
  pages={231--249},
  year={2016},
  organization={Springer}
}

@inproceedings{tosh2015evolutionary,
  title={An evolutionary game-theoretic framework for cyber-threat information sharing},
  author={Tosh, Deepak and Sengupta, Shamik and Kamhoua, Charles and Kwiat, Kevin and Martin, Andrew},
  booktitle={Communications (ICC), 2015 IEEE International Conference on},
  pages={7341--7346},
  year={2015},
  organization={IEEE}
}

@inproceedings{hernandez2013information,
  title={Information sharing models for cooperative cyber defence},
  author={Hernandez-Ardieta, Jorge L and Tapiador, Juan E and Suarez-Tangil, Guillermo},
  booktitle={Cyber Conflict (CyCon), 2013 5th International Conference on},
  pages={1--28},
  year={2013},
  organization={IEEE}
}

@inproceedings{vakilinia2018sharing,
  title={Sharing Susceptible Passwords as Cyber Threat Intelligence Feed},
  author={Vakilinia, Iman and Cheung, Sui and Sengupta, Shamik},
  booktitle={Military Communications Conference (MILCOM), MILCOM 2018-2018 IEEE},
  year={2018},
  organization={IEEE}
}

@misc{EUANIS,
  title = {Standards and tools for exchange and processing of actionable information},
  howpublished={\url{https://www.enisa.europa.eu/publications/standards-and-tools-for-exchange-and-processing-of-actionable-information/}}
}

@inproceedings{steinberger2015exchange,
  title={How to exchange security events? Overview and evaluation of formats and protocols},
  author={Steinberger, Jessica and Sperotto, Anna and Golling, Mario and Baier, Harald},
  booktitle={Integrated Network Management (IM), 2015 IFIP/IEEE International Symposium on},
  pages={261--269},
  year={2015},
  organization={IEEE}
}

@article{kampanakis2014security,
  title={Security automation and threat information-sharing options},
  author={Kampanakis, Panos},
  journal={IEEE Security \& Privacy},
  volume={12},
  number={5},
  pages={42--51},
  year={2014},
  publisher={IEEE}
}

@inproceedings{vakilinia2017privacy,
  title={Privacy-Preserving Cybersecurity Information Exchange Mechanism},
  author={Vakilinia, Iman and Tosh, Deepak K. and Sengupta, Shamik},
  booktitle={Performance Evaluation of Computer and Telecommunication Systems (SPECTS), 2017 International Symposium on},
  year={2017},
  organization={IEEE}
}

@inproceedings{zhao2012collaborative,
  title={A collaborative information sharing framework for community cyber security},
  author={Zhao, Wanying and White, Gregory},
  booktitle={Homeland Security (HST), 2012 IEEE Conference on Technologies for},
  pages={457--462},
  year={2012},
  organization={IEEE}
}

@inproceedings{deyoung2018privacy,
  title={Privacy Preserving Network Security Data Analytics: Architectures and System Design},
  author={DeYoung, Mark E and Kobezak, Philip and Raymond, David and Marchany, Randy and Tront, Joseph},
  booktitle={51st Hawaii International Conference on System Sciences, 2018},
  year={2018},
  organization={University of Hawaii at Manoa}
}


@article{de2017pracis,
  title={Pracis: privacy-preserving and aggregatable cybersecurity information sharing},
  author={de Fuentes, Jos{\'e} M and Gonz{\'a}lez-Manzano, Lorena and Tapiador, Juan and Peris-Lopez, Pedro},
  journal={Computers \& Security},
  volume={69},
  pages={127--141},
  year={2017},
  publisher={Elsevier}
}

@inproceedings{vakilinia2017attribute,
  title={Attribute Based Sharing in Cybersecurity Information Exchange Framework},
  author={Iman Vakilina and Deepak K. Tosh and Shamik Sengupta},
  booktitle={Performance Evaluation of Computer and Telecommunication Systems (SPECTS), 2017 International Symposium on},
  year={2017},
  organization={IEEE}
}

@inproceedings{vakilinia20173,
  title={3-way game model for privacy-preserving cybersecurity information exchange framework},
  author={Iman Vakilinia and Deepak K. Tosh and Shamik Sengupta},
  booktitle={Military Communications Conference (MILCOM), MILCOM 2017-2017 IEEE},
  year={2017},
  organization={IEEE}
}

@INPROCEEDINGS{sadique2018stix,
  AUTHOR={Farhan Sadique and Sui Cheung and Iman Vakilinia and Shahriar Badsha and Shamik Sengupta},
  TITLE={Automated Structured Threat Information Expression {(STIX)} Document  Generation with Privacy Preservation},
  BOOKTITLE={2018 9th IEEE Annual Ubiquitous Computing, Electronics \& Mobile Communication Conference (UEMCON) (IEEE UEMCON 2018)},
  YEAR={2018},
}

@misc{cybexp2017,
  title={{CICI: CE: Implementing CYBEX-P: Helping Organizations to Share with Privacy Preservation}},
  month={July},
  year={2017},
  publisher = {National Science Foundation.},
  howpublished={\url{https://www.nsf.gov/awardsearch/showAward?AWD_ID=1739032}}
}

@misc{cisa2014,
  title = {{S.2588 - Cybersecurity Information Sharing Act of 2014, Congress.gov, Library of Congress.}},
}

@misc{cistc2014,
  title = {{S.2717 - Cyber Information Sharing Tax Credit Act of 2014, Congress.gov, Library of Congress.}},
}

@techreport{rescorla2018transport,
  title={The transport layer security (TLS) protocol version 1.3},
  author={Rescorla, Eric},
  year={2018}
}

@techreport{chown2002advanced,
  title={Advanced encryption standard (AES) ciphersuites for transport layer security (TLS)},
  author={Chown, Pete},
  year={2002}
}

@incollection{morris2011trusted,
  title={Trusted platform module},
  author={Morris, Thomas},
  booktitle={Encyclopedia of cryptography and security},
  pages={1332--1335},
  year={2011},
  publisher={Springer}
}

@inproceedings{pinkas2014faster,
  title={Faster Private Set Intersection Based on OT Extension.},
  author={Pinkas, Benny and Schneider, Thomas and Zohner, Michael},
  booktitle={USENIX Security Symposium},
  volume={14},
  %%pages={797--812},
  year={2014}
}

@article{sweeney2002k,
  title={k-anonymity: A model for protecting privacy},
  author={Sweeney, Latanya},
  journal={International Journal of Uncertainty, Fuzziness and Knowledge-Based Systems},
  volume={10},
  number={05},
  pages={557--570},
  year={2002},
  publisher={World Scientific}
}

@article{barnum2012standardizing,
  title={Standardizing cyber threat intelligence information with the Structured Threat Information eXpression (STIX)},
  author={Barnum, Sean},
  journal={MITRE Corporation},
  volume={11},
  pages={1--22},
  year={2012}
}


@inproceedings{sadique2019cybexp,
  title={A System Architecture of Cybersecurity Information Exchange with Privacy (CYBEX-P)},
  author={Sadique, Farhan and Bakhshaliyev, Khalid and Springer, Jeff and Sengupta, Shamik},
  booktitle={2019 IEEE 9th Annual Computing and Communication Workshop and Conference (CCWC)},
  pages={0493--0498},
  year={2019},
  organization={IEEE}
}

@inproceedings{mamun2016detecting,
  title={Detecting malicious urls using lexical analysis},
  author={Mamun, Mohammad Saiful Islam and Rathore, Mohammad Ahmad and Lashkari, Arash Habibi and Stakhanova, Natalia and Ghorbani, Ali A},
  booktitle={International Conference on Network and System Security},
  pages={467--482},
  year={2016},
  organization={Springer}
}

@book{vukotic2014neo4j,
  title={Neo4j in action},
  author={Vukotic, Aleksa and Watt, Nicki and Abedrabbo, Tareq and Fox, Dominic and Partner, Jonas},
  year={2014},
  publisher={Manning Publications Co.}
}

@article{bray2014javascript,
  title={The javascript object notation (json) data interchange format},
  author={Bray, Tim},
  year={2014}
}

@book{banker2011mongodb,
  title={MongoDB in action},
  author={Banker, Kyle},
  year={2011},
  publisher={Manning Publications Co.}
}


@inproceedings {199364,
  author = {Sergei Arnautov and Bohdan Trach and Franz Gregor and Thomas Knauth and Andre Martin and Christian Priebe and Joshua Lind and Divya Muthukumaran and Dan O{\textquoteright}Keeffe and Mark L. Stillwell and David Goltzsche and Dave Eyers and R{\"u}diger Kapitza and Peter Pietzuch and Christof Fetzer},
  title = {{SCONE}: Secure Linux Containers with Intel {SGX}},
  booktitle = {12th {USENIX} Symposium on Operating Systems Design and Implementation ({OSDI} 16)},
  year = {2016},
  isbn = {978-1-931971-33-1},
  address = {Savannah, GA},
  pages = {689--703},
  url = {https://www.usenix.org/conference/osdi16/technical-sessions/presentation/arnautov},
  publisher = {{USENIX} Association},
}

@article{costan2016intel,
  title={Intel SGX Explained.},
  author={Costan, Victor and Devadas, Srinivas},
  journal={IACR Cryptology ePrint Archive},
  volume={2016},
  number={086},
  pages={1--118},
  year={2016}
}


@techreport{page1997pagerank,
  title={PageRank: Bringing order to the web},
  author={Page, Larry and Brin, Sergey and Motwani, Rajeev and Winograd, Terry},
  year={1997},
  institution={Stanford Digital Libraries}
}

@inproceedings{bethencourt2007ciphertext,
  title={Ciphertext-policy attribute-based encryption},
  author={Bethencourt, John and Sahai, Amit and Waters, Brent},
  booktitle={2007 IEEE symposium on security and privacy (SP'07)},
  pages={321--334},
  year={2007},
  organization={IEEE}
}

@article{dierks2008transport,
  title={The transport layer security (TLS) protocol version 1.2},
  author={Dierks, Tim and Rescorla, Eric},
  year={2008},
  publisher={RFC 5246, August}
}

@inproceedings{vakilinia2017coalitional,
  title={A coalitional game theory approach for cybersecurity information sharing},
  author={Vakilinia, Iman and Sengupta, Shamik},
  booktitle={MILCOM 2017-2017 IEEE Military Communications Conference (MILCOM)},
  pages={237--242},
  year={2017},
  organization={IEEE}
}

@article{vakilinia2018coalitional,
  title={A coalitional cyber-insurance framework for a common platform},
  author={Vakilinia, Iman and Sengupta, Shamik},
  journal={IEEE Transactions on Information Forensics and Security},
  volume={14},
  number={6},
  pages={1526--1538},
  year={2018},
  publisher={IEEE}
}

@article{connolly2014trusted,
  title={{The trusted automated exchange of indicator information (TAXII)}},
  author={Connolly, Julie and Davidson, Mark and Schmidt, Charles},
  journal={The MITRE Corp.},
  year={2014}
}


@inproceedings{wagner2016misp,
  title={Misp: The design and implementation of a collaborative threat intelligence sharing platform},
  author={Wagner, Cynthia and Dulaunoy, Alexandre and Wagener, G{\'e}rard and Iklody, Andras},
  booktitle={Proceedings of the 2016 ACM on Workshop on Information Sharing and Collaborative Security},
  pages={49--56},
  year={2016}
}

@article{chismon2015threat,
  title={Threat intelligence: Collecting, analysing, evaluating},
  author={Chismon, David and Ruks, Martyn},
  journal={MWR InfoSecurity Ltd},
  year={2015}
}


@inproceedings{dandurand2013towards,
  title={Towards improved cyber security information sharing},
  author={Dandurand, Luc and Serrano, Oscar Serrano},
  booktitle={2013 5th International Conference on Cyber Conflict (CYCON 2013)},
  pages={1--16},
  year={2013},
  organization={IEEE}
}

@article{sauerwein2017threat,
  title={Threat intelligence sharing platforms: An exploratory study of software vendors and research perspectives},
  author={Sauerwein, Clemens and Sillaber, Christian and Mussmann, Andrea and Breu, Ruth},
  year={2017}
}

@inproceedings{vazquez2012conceptual,
  title={Conceptual framework for cyber defense information sharing within trust relationships},
  author={V{\'a}zquez, Diego Fern{\'a}ndez and Acosta, Oscar Pastor and Spirito, Christopher and Brown, Sarah and Reid, Emily},
  booktitle={2012 4th International Conference on Cyber Conflict (CYCON 2012)},
  pages={1--17},
  year={2012},
  organization={IEEE}
}

@article{kijewski2014proactive,
  title={Proactive detection and automated exchange of network security incidents},
  author={Kijewski, Piotr and Pawli{\'n}ski, Pawe{\l}},
  journal={Abgerufen am},
  volume={20},
  year={2014}
}

@inproceedings{sillaber2016data,
  title={Data quality challenges and future research directions in threat intelligence sharing practice},
  author={Sillaber, Christian and Sauerwein, Clemens and Mussmann, Andrea and Breu, Ruth},
  booktitle={Proceedings of the 2016 ACM on Workshop on Information Sharing and Collaborative Security},
  pages={65--70},
  year={2016}
}

@misc{mcconnell2011and,
  title={and The Department of Homeland Security, Enabling Distributed Security in Cyberspace: Building a Healthy and Resilient Cyber Ecosystem with Automated Collective Action},
  author={McConnell, B},
  year={2011}
}

@inproceedings{sharma2014critter,
  title={Critter: Content-rich traffic trace repository},
  author={Sharma, Vinod and Bartlett, Genevieve and Mirkovic, Jelena},
  booktitle={Proceedings of the 2014 ACM Workshop on Information Sharing \& Collaborative Security},
  pages={13--20},
  year={2014}
}

@inproceedings{garrido2016shall,
  title={Shall we collaborate? A model to analyse the benefits of information sharing},
  author={Garrido-Pelaz, Roberto and Gonz{\'a}lez-Manzano, Lorena and Pastrana, Sergio},
  booktitle={Proceedings of the 2016 ACM on Workshop on Information Sharing and Collaborative Security},
  pages={15--24},
  year={2016}
}

@inproceedings{sander2015ux,
  title={UX aspects of threat information sharing platforms: An examination \& lessons learned using personas},
  author={Sander, Tomas and Hailpern, Joshua},
  booktitle={Proceedings of the 2nd ACM Workshop on Information Sharing and Collaborative Security},
  pages={51--59},
  year={2015}
}

@inproceedings{burger2014taxonomy,
  title={Taxonomy model for cyber threat intelligence information exchange technologies},
  author={Burger, Eric W and Goodman, Michael D and Kampanakis, Panos and Zhu, Kevin A},
  booktitle={Proceedings of the 2014 ACM Workshop on Information Sharing \& Collaborative Security},
  pages={51--60},
  year={2014}
}

@article{feledi2013toward,
  title={Toward web-based information security knowledge sharing},
  author={Feledi, Daniel and Fenz, Stefan and Lechner, Lukas},
  journal={Information Security Technical Report},
  volume={17},
  number={4},
  pages={199--209},
  year={2013},
  publisher={Elsevier}
}

@article{tosh2018establishing,
  title={Establishing evolutionary game models for cyber security information exchange (cybex)},
  author={Tosh, Deepak and Sengupta, Shamik and Kamhoua, Charles A and Kwiat, Kevin A},
  journal={Journal of Computer and System Sciences},
  volume={98},
  year={2018},
  publisher={Elsevier}
}


@inproceedings{tosh2015cyber,
  title={Cyber-investment and cyber-information exchange decision modeling},
  author={Tosh, Deepak K and Molloy, Matthew and Sengupta, Shamik and Kamhoua, Charles A and Kwiat, Kevin A},
  booktitle={2015 IEEE 7th International Symposium on Cyberspace Safety and Security},
  pages={1219--1224},
  year={2015},
  organization={IEEE}
}

@misc{edwards2002system,
  title={System and method of data collection, processing, analysis, and annotation for monitoring cyber-threats and the notification thereof to subscribers},
  author={Edwards, Charles and Migues, Samuel and Nebel, Roger and Owen, Daniel},
  year={2002},
  month=mar # "~28",
  publisher={Google Patents},
  note={US Patent App. 09/950,820}
}

@article{platforms2017threatconnect,
  title={ThreatConnect, Inc.},
  author={Platforms, Threat Intelligence},
  journal={URL: http://www.informationweek.com/whitepaper/(access date 21.02.2017)},
}

@article{ossim25open,
  title={The open source siem},
  author={AlienVault},
  journal={URL: https://www.alienvault.com-/products/ossim (accessed 25.06.2017)},
}

@article{ibmxforce,
  title={X-Force},
  author={IBM},
  journal={URL: https://www.ibm.com/security/xforce (accessed 13.04.2020)},
}

@article{anomalithreatstream,
  title={ThreatStream},
  author={Anomali},
  journal={URL: https://www.anomali.com/products/-threatstream (accessed 13.04.2020)},
}

@article{fbthreatexchange,
  title={ThreatExchange},
  author={Facebook Inc.},
  journal={URL: https://developers.facebook.com/-programs/threatexchange (accessed 13.04.2020)},
}

@article{eclecticiq,
  title={EclecticIQ},
  journal={URL: https://www.eclecticiq.com/ (accessed 13.04.2020)},
}

@article{oosterhof2014cowrie,
  title={Cowrie honeypot},
  author={Oosterhof, Michel},
  journal={Security Intelligence},
  year={2014}
}

@misc{phishtank,
  title = {Phishtank},
  howpublished = {\url{http://www.phishtank.com}},
  note = {Accessed: 2019-10-30}
}

@misc{openphish,
  title = {{OpenPhish}},
  howpublished = {\url{http://www.openphish.com}},
  note = {Accessed: 2019-11-22}
}

@misc{geolite2,
  title = {{GeoLite2 Free Downloadable Databases}},
  howpublished = "\url{https://dev.maxmind.com/geoip/geoip2/geolite2/}",
  note = "[Online; accessed 19-September-2019]"
}

@techreport{rfc7842,
  author = {Hollenbeck, Scott and Newton, Andrew},
  title = {Registration Data Access Protocol (RDAP) Query Format},
  howpublished = {Internet Requests for Comments},
  type = {RFC},
  number = 7842,
  year = {2015},
  month = {March},
  issn = {2070-1721},
  publisher = {IETF},
  institution = {IETF},
  url = {https://tools.ietf.org/html/rfc7482}
}


@book{van1995python,
  title={Python tutorial},
  author={Van Rossum, Guido and Drake Jr, Fred L},
  year={1995},
  publisher={Centrum voor Wiskunde en Informatica Amsterdam, The Netherlands}
} 

@inproceedings{lakshminarayanan2014mondrian,
  title={Mondrian forests: Efficient online random forests},
  author={Lakshminarayanan, Balaji and Roy, Daniel M and Teh, Yee Whye},
  booktitle={Advances in neural information processing systems},
  pages={3140--3148},
  year={2014}
}

@misc{scikitgarden,
  title = {{Scikit-garden: A garden for scikit-learn compatible trees }},
  url  = {https://github.com/scikit-garden}
}

@techreport{dworkin2015sha,
  title={SHA-3 standard: Permutation-based hash and extendable-output functions},
  author={Dworkin, Morris J},
  year={2015}
}

@book{hursch1988sql,
  title={SQL, the Structured Query Language},
  author={Hursch, Carolyn J and Hursch, Jack L and Hursch, Carolyn J},
  year={1988},
  publisher={Tab Books}
}


@article{strozzi1998nosql,
  title={NoSQL: A relational database management system},
  author={Strozzi, Carlo},
  journal={Lainattu},
  volume={5},
  pages={2014},
  year={1998}
}

@article{angles2008survey,
  title={Survey of graph database models},
  author={Angles, Renzo and Gutierrez, Claudio},
  journal={ACM Computing Surveys (CSUR)},
  volume={40},
  number={1},
  pages={1--39},
  year={2008},
  publisher={ACM New York, NY, USA}
}

@inproceedings{sadique2020automated,
  title={An Automated Framework for Real-time Phishing URL Detection},
  author={Sadique, Farhan and Kaul, Raghav and Badsha, Shahriar and Sengupta, Shamik},
  booktitle={2020 10th Annual Computing and Communication Workshop and Conference (CCWC)},
  pages={0335--0341},
  year={2020},
  organization={IEEE}
}

@article{bhardwaj2010cloud,
  title={Cloud computing: A study of infrastructure as a service (IAAS)},
  author={Bhardwaj, Sushil and Jain, Leena and Jain, Sandeep},
  journal={International Journal of engineering and information Technology},
  volume={2},
  number={1},
  pages={60--63},
  year={2010}
}

@inproceedings{sadique2020automated,
  title={An Automated Framework for Real-time Phishing URL Detection},
  author={Sadique, Farhan and Kaul, Raghav and Badsha, Shahriar and Sengupta, Shamik},
  booktitle={2020 10th Annual Computing and Communication Workshop and Conference (CCWC)},
  pages={0335--0341},
  year={2020},
  organization={IEEE}
}

@article{sahingoz2019machine,
  title={Machine learning based phishing detection from URLs},
  author={Sahingoz, Ozgur Koray and Buber, Ebubekir and Demir, Onder and Diri, Banu},
  journal={Expert Systems with Applications},
  volume={117},
  pages={345--357},
  year={2019},
  publisher={Elsevier}
}


@article{hutchins2011intelligence,
  title={Intelligence-driven computer network defense informed by analysis of adversary campaigns and intrusion kill chains},
  author={Hutchins, Eric M and Cloppert, Michael J and Amin, Rohan M},
  journal={Leading Issues in Information Warfare \& Security Research},
  volume={1},
  number={1},
  pages={80},
  year={2011}
}

@article{pedregosa2011scikit,
  title={Scikit-learn},
  author={Pedregosa, Fabian and Varoquaux, Ga{\"e}l and Gramfort, Alexandre and Michel, Vincent and Thirion, Bertrand and Grisel, Olivier and Blondel, Mathieu and Prettenhofer, Peter and Weiss, Ron and Dubourg, Vincent and others},
  journal={Journal of machine learning research},
  volume={12},
  year={2011}
}

@article{wu2016libsol,
  title={Libsol: A library for scalable online learning algorithms},
  author={Wu, Yue and Hoi, SC and Yu, Nenghai},
  journal={SMU Technical Report (SMU-TR-2016-07-25)},
  year={2016}
}


@article{daemen1999aes,
  title={AES proposal: Rijndael},
  author={Daemen, Joan and Rijmen, Vincent},
  year={1999},
  publisher={Gaithersburg, MD, USA}
}


@article{dang2013changes,
  title={Changes in federal information processing standard (FIPS) 180-4, secure hash standard},
  author={Dang, Quynh},
  journal={Cryptologia},
  volume={37},
  number={1},
  pages={69--73},
  year={2013},
  publisher={Taylor \& Francis}
}


@techreport{dulaunoy-misp-core-format-13,
  number =  {draft-dulaunoy-misp-core-format-13},
  type =    {Internet-Draft},
  institution =  {Internet Engineering Task Force},
  publisher =  {Internet Engineering Task Force},
  note =    {Work in Progress},
  url =    {https://datatracker.ietf.org/doc/html/draft-dulaunoy-misp-core-format-13},
    author =  {Alexandre Dulaunoy and Andras Iklody},
  title =    {{MISP core format}},
  pagetotal =  55,
  year =    2020,
  month =    dec,
  day =    24,
  abstract =  {This document describes the MISP core format used to exchange indicators and threat information between MISP (Open Source Threat Intelligence Sharing Platform formerly known as Malware Information Sharing Platform) instances. The JSON format includes the overall structure along with the semantic associated for each respective key. The format is described to support other implementations which reuse the format and ensuring an interoperability with existing MISP {[}MISP-P{]} software and other Threat Intelligence Platforms.},
}



@misc{sadique2021tahoe,
  author = {Sadique, Farhan},
  title = {TAHOE},
  year = {2021},
  publisher = {GitHub},
  journal = {GitHub repository},
  howpublished = {\url{https://github.com/cybex-p/tahoe}}
}